@inproceedings{rybina2013investigation,
  title={Investigation into the energy cost of live migration of virtual machines},
  author={Rybina, Kateryna and Dargie, Waltenegus and Strunk, Anja and Schill, Alexander},
  booktitle={Sustainable Internet and ICT for Sustainability (SustainIT), 2013},
  pages={1--8},
  year={2013},
  organization={IEEE}
}

@inproceedings{rybina2014analysing,
  title={Analysing the Migration Time of Live Migration of Multiple Virtual Machines},
  author={Rybina, Kateryna and Patni, Abhinandan and Schill, Alexander},
  booktitle={4th International Conference on Cloud Computing and Services Science (CLOSER 2014)},
  year={2014}
}

@inproceedings{strunk2013does,
  title={Does live migration of virtual machines cost energy?},
  author={Strunk, Anja and Dargie, Waltenegus},
  booktitle={Advanced Information Networking and Applications (AINA), 2013 IEEE 27th International Conference on},
  pages={514--521},
  year={2013},
  organization={IEEE}
}

@inproceedings{clark2005live,
  title={Live migration of virtual machines},
  author={Clark, Christopher and Fraser, Keir and Hand, Steven and Hansen, Jacob Gorm and Jul, Eric and Limpach, Christian and Pratt, Ian and Warfield, Andrew},
  booktitle={Proceedings of the 2nd conference on Symposium on Networked Systems Design \& Implementation-Volume 2},
  pages={273--286},
  year={2005},
  organization={USENIX Association}
}

@incollection{voorsluys2009cost,
  title={Cost of virtual machine live migration in clouds: A performance evaluation},
  author={Voorsluys, William and Broberg, James and Venugopal, Srikumar and Buyya, Rajkumar},
  booktitle={Cloud Computing},
  pages={254--265},
  year={2009},
  publisher={Springer}
}

@misc{knight2004method,
  title={Method and apparatus for configuring and collecting performance counter data},
  author={Knight, Robert P},
  year={2004},
  month=sep # "~14",
  publisher={Google Patents},
  note={US Patent 6,792,392}
}

@article{liu2013performance,
  title={Performance and energy modeling for live migration of virtual machines},
  author={Liu, Haikun and Jin, Hai and Xu, Cheng-Zhong and Liao, Xiaofei},
  journal={Cluster computing},
  volume={16},
  number={2},
  pages={249--264},
  year={2013},
  publisher={Springer}
} 

@inproceedings{poellabauer2005feedback,
  title={Feedback-based dynamic voltage and frequency scaling for memory-bound real-time applications},
  author={Poellabauer, Christian and Singleton, Leo and Schwan, Karsten},
  booktitle={Real Time and Embedded Technology and Applications Symposium, 2005. RTAS 2005. 11th IEEE},
  pages={234--243},
  year={2005},
  organization={IEEE}
}

@article{jaleel2010memory,
  title={Memory characterization of workloads using instrumentation-driven simulation},
  author={Jaleel, Aamer},
  journal={Web Copy: http://www. glue. umd. edu/ajaleel/workload},
  year={2010}
}

@article{henning2006spec,
  title={SPEC CPU2006 benchmark descriptions},
  author={Henning, John L},
  journal={ACM SIGARCH Computer Architecture News},
  volume={34},
  number={4},
  pages={1--17},
  year={2006},
  publisher={ACM}
}

@book{baron2013probability,
  title={Probability and statistics for computer scientists},
  author={Baron, Michael},
  year={2013},
  publisher={CRC Press}
}
       
@article{habib2008virtualization,
  title={Virtualization with kvm},
  author={Habib, Irfan},
  journal={Linux Journal},
  volume={2008},
  number={166},
  pages={8},
  year={2008},
  publisher={Belltown Media}
}

@book{kabacoff2011r,
  title={R in Action},
  author={Kabacoff, Robert},
  year={2011},
  publisher={Manning Publications Co.}
}
       
       
