
@inproceedings{rybina2015modelling,
  title={Modelling the Live Migration Time of Virtual Machines},
  author={Rybina, Kateryna and Dargie, Waltenegus and Umashankar, Subramanya and Schill, Alexander},
  booktitle={On the Move to Meaningful Internet Systems: OTM 2015 Conferences},
  pages={575--593},
  year={2015},
  organization={Springer}
},
@inproceedings{subbu2007,
  title={Page Ranking in Relational Based Search Engine},
  author={Umashankar, Subramanya and Mohan, Pranav},
  booktitle={Technoblitz},
  year={2007},
  organization={V.V.C.E Mysore}
}
